ISA*00*          *00*          *ZZ*200787505      *ZZ*450525148      *240826*0912*^*00501*101925142*0*P*:~
GS*HP*200787505*450525148*20240826*0912*101777856*X*005010X221A1~
ST*835*0001~
BPR*I*100.00*C*ACH*CCP*01*123000848*DA*1700020064*Payer_ID_VAL_1**01*123000848*DA*153911610365*20240816~
TRN*1*9155284235*Payer_ID_VAL_1~
REF*EV*450525148~
DTM*405*20240505~
N1*PR*PAYER_NAME_1~
N3*PO BOX 1106~
N4*LEXINGTON*KY*405120000~
REF*2U*TP021~
REF*EO*363917295~
PER*CX*PAYER_NAME_1*TE*8008007885~
PER*BL*PAYER_NAME_1*TE*8008007885~
N1*PE*Local clinic LLC*XX*provider_npi_1~
N3*PO BOX 18001~
N4*BELFAST*ME*049150000~
REF*TJ*123456789~
REF*0B*OS12165~
LX*1~
CLP*provider_claimid_1*1*100.00*100.00**WC*payer_claim_id_1*11*1~
NM1*QC*1*PatientLastName1*PatientName1****34*999999999~
NM1*82*1*Local clinic LLC*Local clinic LLC****XX*provider_npi_1~
REF*F8*100184984695~
REF*CE*FL~
DTM*232*20240505~
DTM*050*20240505~
AMT*AU*0.00~
SVC*HC:99214*100.00*100.00~
DTM*472*20240505~
CAS*CO*45*0.00**P24*0.00~
REF*6R*2196311P13648B62477~
AMT*B6*100.00~
SE*32*0001~
GE*1*101777856~
IEA*1*101925142~